@misc{devlin2019bert,
      title={BERT: Pre-training of Deep Bidirectional Transformers for Language Understanding}, 
      author={Jacob Devlin and Ming-Wei Chang and Kenton Lee and Kristina Toutanova},
      year={2019},
      eprint={1810.04805},
      archivePrefix={arXiv},
      primaryClass={cs.CL}
}

@misc{vaswani2017attention,
      title={Attention Is All You Need}, 
      author={Ashish Vaswani and Noam Shazeer and Niki Parmar and Jakob Uszkoreit and Llion Jones and Aidan N. Gomez and Lukasz Kaiser and Illia Polosukhin},
      year={2017},
      eprint={1706.03762},
      archivePrefix={arXiv},
      primaryClass={cs.CL}
}

@article{Woods1978SemanticsAQ,
  title={Semantics and Quantification in Natural Language Question Answering},
  author={W. Woods},
  journal={Adv. Comput.},
  year={1978},
  volume={17},
  pages={1-87}
}

%sito huggingface

@online{Huggingface,
  title = {Hugging Face},
  year = 2021,
  url = {https://huggingface.co/},
  urldate = {2021-03-17}
}

@misc{beltagy2020longformer,
      title={Longformer: The Long-Document Transformer}, 
      author={Iz Beltagy and Matthew E. Peters and Arman Cohan},
      year={2020},
      eprint={2004.05150},
      archivePrefix={arXiv},
      primaryClass={cs.CL}
}

@misc{clark2020electra,
      title={ELECTRA: Pre-training Text Encoders as Discriminators Rather Than Generators}, 
      author={Kevin Clark and Minh-Thang Luong and Quoc V. Le and Christopher D. Manning},
      year={2020},
      eprint={2003.10555},
      archivePrefix={arXiv},
      primaryClass={cs.CL}
}

@misc{liu2019roberta,
      title={RoBERTa: A Robustly Optimized BERT Pretraining Approach}, 
      author={Yinhan Liu and Myle Ott and Naman Goyal and Jingfei Du and Mandar Joshi and Danqi Chen and Omer Levy and Mike Lewis and Luke Zettlemoyer and Veselin Stoyanov},
      year={2019},
      eprint={1907.11692},
      archivePrefix={arXiv},
      primaryClass={cs.CL}
}

@inproceedings{pennington2014glove,
  author = {Jeffrey Pennington and Richard Socher and Christopher D. Manning},
  booktitle = {Empirical Methods in Natural Language Processing (EMNLP)},
  title = {GloVe: Global Vectors for Word Representation},
  year = {2014},
  pages = {1532--1543},
  url = {http://www.aclweb.org/anthology/D14-1162},
}

@misc{wikiCloud,
   title = {Google Cloud Platform},
   year = {2021},
   url = {https://cloud.google.com},
   note = {[Online; accessed 18-march-2021]}
 }

@article{lstm,
author = {Hochreiter, Sepp and Schmidhuber, Jürgen},
year = {1997},
month = {12},
pages = {1735-80},
title = {Long Short-term Memory},
volume = {9},
journal = {Neural computation},
doi = {10.1162/neco.1997.9.8.1735}
}

@misc{wiki_tf-idf,
   author = {Wikipedia},
   title = {tf–idf},
   year = {2021},
   url = {https://en.wikipedia.org/wiki/Tf\%E2\%80\%93idf},
   note = {[Online; accessed 19-march-2021]}
 }
 
 @misc{bajaj2018ms,
      title={MS MARCO: A Human Generated MAchine Reading COmprehension Dataset}, 
      author={Payal Bajaj and Daniel Campos and Nick Craswell and Li Deng and Jianfeng Gao and Xiaodong Liu and Rangan Majumder and Andrew McNamara and Bhaskar Mitra and Tri Nguyen and Mir Rosenberg and Xia Song and Alina Stoica and Saurabh Tiwary and Tong Wang},
      year={2018},
      eprint={1611.09268},
      archivePrefix={arXiv},
      primaryClass={cs.CL}
}

@online{TREC,
  title = {Data},
  year = 2021,
  url = {https://trec.nist.gov/data.html},
  urldate = {2021-03-19}
}